<?xml version="1.0" encoding="UTF-8"?><collection xmlns="http://www.loc.gov/MARC21/slim"><record><leader>00489nam--2200145-i-4500</leader><controlfield tag="001">000009982</controlfield><controlfield tag="002">20161230</controlfield><controlfield tag="005">20161230201028</controlfield><controlfield tag="008">060222s1000------------r-----000-0-eng-d</controlfield><datafield ind1=" " ind2=" " tag="080"><subfield code="a">681.3.06</subfield></datafield><datafield ind1=" " ind2=" " tag="100"><subfield code="a">Cadete,Odete Rodrigues M.E Cadete,Antonio M.F</subfield></datafield><datafield ind1=" " ind2=" " tag="245"><subfield code="a">Sistema de programao.fortran ii e sua utiliza cao com un computador ibm 1620. 2.a edicao ,revista</subfield></datafield><datafield ind1=" " ind2=" " tag="260"><subfield code="a">Lisabona,Instituto Gulbenkian De Ciencia,1970. 160p</subfield></datafield><datafield ind1=" " ind2=" " tag="490"><subfield code="a">Estudos.Matematica E Informatica</subfield></datafield><datafield ind1=" " ind2=" " tag="852"><subfield code="a">36152</subfield></datafield></record></collection>